<record><leader>00000cas a22000007a 4500</leader><controlfield tag="001">25494026</controlfield><controlfield tag="008">920318d18911892ncuwr ne      0    0eng d</controlfield><datafield ind1=" " ind2=" " tag="010"><subfield code="a">sn 92073976 </subfield></datafield><datafield ind1=" " ind2=" " tag="040"><subfield code="a">NVJ</subfield><subfield code="b">eng</subfield><subfield code="c">NVJ</subfield><subfield code="d">OCLCQ</subfield><subfield code="d">DLC</subfield></datafield><datafield ind1=" " ind2=" " tag="042"><subfield code="a">msc</subfield></datafield><datafield ind1="0" ind2=" " tag="130"><subfield code="a">Farmers' advocate (Tarboro, N.C.)</subfield></datafield><datafield ind1="1" ind2="4" tag="245"><subfield code="a">The farmers' advocate.</subfield></datafield><datafield ind1=" " ind2=" " tag="260"><subfield code="a">Tarboro, N.C. :</subfield><subfield code="b">Jas. B. Lloyd</subfield></datafield><datafield ind1=" " ind2=" " tag="300"><subfield code="a">v.</subfield></datafield><datafield ind1=" " ind2=" " tag="310"><subfield code="a">Weekly</subfield></datafield><datafield ind1="0" ind2=" " tag="362"><subfield code="a">Vol. 1, no. 1 (Apr. 8, 1891)-v. 2, no. 25 (Dec. 7, 1892).</subfield></datafield><datafield ind1=" " ind2=" " tag="752"><subfield code="a">United States</subfield><subfield code="b">North Carolina</subfield><subfield code="c">Edgecombe</subfield><subfield code="d">Tarboro.</subfield></datafield><datafield ind1="0" ind2="4" tag="785"><subfield code="t">Caucasian (Clinton, N.C.)</subfield><subfield code="x">2375-8864</subfield><subfield code="w">(DLC)sn 91068245</subfield><subfield code="w">(OCoLC)24090058</subfield></datafield></record>